@misc{  verisign,
        author = "Verisign",
        title = "Internet Grows to 294 Million Domain Names in the First Quarter of 2015",
        year = "2015",
        publisher = "https://investor.verisign.com/releasedetail.cfm?releaseid=920138"
}

@misc{  domainpunch,
        author = "Domain Punch",
        title = "Daily Domains in Zone",
        year = "2016",
        publisher = "https://domainpunch.com/tlds/daily.php"
}

@misc{  tunnels,
        author = "Born, Kenton; Gustafson, David",
        title = "Detecting DNS Tunnels Using Character Frequency Analysis",
        year = "2010",
        publisher = "Annual Security Conference"
}

@misc{  tunnelpenetrate,
        author = "Daan Raman, Bjorn De Sutter, Bart Coppens, Stijn Volckaert, Koen De Bosschere, Pieter Danhieux, Erik Van Buggenhout",
        title = "DNS Tunneling for Network Penetration",
        year = "2012",
        publisher = "Springer"
}

@misc{  spam,
        author = "Cheng, Victor; Li, C.H.",
        title = "Personalized Spam Filtering with Semi-supervised Classifier Ensemble",
        year = "2006",
        publisher = "ACM"
}

@misc{  algorithm,
        author = "Yadav, Sandeep;   Reddy, Ashwath Kumar Krishna; Reddy, A.L. Narasimha; Ranjan, Supranamaya",
        title = "Detecting algorithmically generated malicious domain names",
        year = "2010",
        publisher = "ACM"
}

@misc{  semidetect,
        author = "Chen, Chuanliang; Gong, Yunchao; Tian, Yingjie",
        title = "Semi-supervised learning methods for network intrusion detection",
        year = "2008",
        publisher = "IEEE"
}

@misc{  semialarm,
        author = "Chien-Yi Chiu, Yuh-Jye Lee, Chien-Chung Chang, Wen-Yang Luo, Hsiu-Chuan Huang",
        title = "Semi-supervised Learning for False Alarm Reduction",
        year = "2010",
        publisher = "ICDM"
}

@misc{  semicombine,
        author = "Symons, Christopher T.; Beaver, Justin M.",
        title = "Nonparametric semi-supervised learning for network intrusion detection: combining performance improvements with realistic in-situ training",
        year = "2012",
        publisher = "ACM"
}

@misc{  seminovel,
        author = "Wang, Yu; Xiang, Yang; Zhang, Jun; Yu, Shunzheng",
        title = "A novel semi-supervised approach for network traffic clustering",
        year = "2011",
        publisher = "IEEE"
}
